<marc:collection xmlns:marc="http://www.loc.gov/MARC21/slim" xmlns:xsi="http://www.w3.org/2001/XMLSchema-instance" xsi:schemaLocation="http://www.loc.gov/MARC21/slim http://www.loc.gov/standards/marcxml/schema/MARC21slim.xsd">
    <marc:record type="Bibliographic">
        <marc:leader>02163cem a22003853a 4500</marc:leader>
        <marc:controlfield tag="001">6514469</marc:controlfield>
        <marc:controlfield tag="005">20130730172728.0</marc:controlfield>
        <marc:controlfield tag="007">aj canzn</marc:controlfield>
        <marc:controlfield tag="008">110203s1839    nju      wa  o  0   eng d</marc:controlfield>
        <marc:datafield tag="034" ind1="1" ind2=" ">
            <marc:subfield code="a">a</marc:subfield>
            <marc:subfield code="b">380160</marc:subfield>
            <marc:subfield code="d">-075.550000</marc:subfield>
            <marc:subfield code="e">-073.866666</marc:subfield>
            <marc:subfield code="f">41.366667</marc:subfield>
            <marc:subfield code="g">38.916664</marc:subfield>
        </marc:datafield>
        <marc:datafield tag="035" ind1=" " ind2=" ">
            <marc:subfield code="a">(OCoLC)715363059</marc:subfield>
        </marc:datafield>
        <marc:datafield tag="035" ind1=" " ind2=" ">
            <marc:subfield code="a">(NjP Geomap) 18142</marc:subfield>
        </marc:datafield>
        <marc:datafield tag="040" ind1=" " ind2=" ">
            <marc:subfield code="c">NjP</marc:subfield>
        </marc:datafield>
        <marc:datafield tag="041" ind1="0" ind2=" ">
            <marc:subfield code="a">eng</marc:subfield>
        </marc:datafield>
        <marc:datafield tag="043" ind1=" " ind2=" ">
            <marc:subfield code="a">n-us-nj</marc:subfield>
        </marc:datafield>
        <marc:datafield tag="110" ind1="2" ind2=" ">
            <marc:subfield code="a">New Jersey Geological Survey</marc:subfield>
        </marc:datafield>
        <marc:datafield tag="245" ind1="1" ind2="2">
            <marc:subfield code="a">A geological map of New Jersey</marc:subfield>
            <marc:subfield code="h">[cartographic material] :</marc:subfield>
            <marc:subfield code="b">(To accompany the Report on the geology of New Jersey, Jan. 1839.) /</marc:subfield>
            <marc:subfield code="c">by Henry D. Rogers, Prof. of geology in Univ. of Penna.</marc:subfield>
        </marc:datafield>
        <marc:datafield tag="246" ind1="3" ind2="0">
            <marc:subfield code="a">Geological map of New Jersey</marc:subfield>
        </marc:datafield>
        <marc:datafield tag="255" ind1=" " ind2=" ">
            <marc:subfield code="a">Scale 1:380,160,  6 miles to 1 inch.</marc:subfield>
            <marc:subfield code="c">(W 75°33ʹ--W 73°52ʹ/N 41°22ʹ--N 38°55ʹ).</marc:subfield>
        </marc:datafield>
        <marc:datafield tag="260" ind1=" " ind2=" ">
            <marc:subfield code="a">[Trenton, N.J. :</marc:subfield>
            <marc:subfield code="b">New Jersey Geological Survey],</marc:subfield>
            <marc:subfield code="c">1839.</marc:subfield>
        </marc:datafield>
        <marc:datafield tag="300" ind1=" " ind2=" ">
            <marc:subfield code="a">1 map :</marc:subfield>
            <marc:subfield code="b">lithograph, col. ;</marc:subfield>
            <marc:subfield code="c">69 x 40 cm.</marc:subfield>
        </marc:datafield>
        <marc:datafield tag="501" ind1=" " ind2=" ">
            <marc:subfield code="a">Issued to accompany text: Description of the geology of the State of New Jersey : being a final report / by Henry D. Rogers. [Trenton, NJ: New Jersey Geological Survey]. Philadelphia: C. Sherman &amp; co., printers. 1840 Report. 1840. 301p.</marc:subfield>
            <marc:subfield code="5">NjP</marc:subfield>
        </marc:datafield>
        <marc:datafield tag="500" ind1=" " ind2=" ">
            <marc:subfield code="a">Principal meridian: Washington, D.C.</marc:subfield>
        </marc:datafield>
        <marc:datafield tag="500" ind1=" " ind2=" ">
            <marc:subfield code="a">Geological cross-sections sheet is attached to book.</marc:subfield>
        </marc:datafield>
        <marc:datafield tag="500" ind1=" " ind2=" ">
            <marc:subfield code="a">Map shows churches by denomination, manufacturers, taverns, dwelling houses, canals, turnpike, and railroads.</marc:subfield>
        </marc:datafield>
        <marc:datafield tag="530" ind1=" " ind2=" ">
            <marc:subfield code="a">Available also online through:</marc:subfield>
            <marc:subfield code="b">Princeton University Libraries, Digital Map &amp; Geographic Data Web site.</marc:subfield>
        </marc:datafield>
        <marc:datafield tag="650" ind1=" " ind2="0">
            <marc:subfield code="a">Geology</marc:subfield>
            <marc:subfield code="z">New Jersey</marc:subfield>
            <marc:subfield code="v">Maps.</marc:subfield>
        </marc:datafield>
        <marc:datafield tag="651" ind1=" " ind2="0">
            <marc:subfield code="a">New Jersey</marc:subfield>
            <marc:subfield code="v">Maps.</marc:subfield>
        </marc:datafield>
        <marc:datafield tag="655" ind1=" " ind2="7">
            <marc:subfield code="a">Geological maps.</marc:subfield>
            <marc:subfield code="2">lcgft</marc:subfield>
        </marc:datafield>
        <marc:datafield tag="655" ind1=" " ind2="7">
            <marc:subfield code="a">Geological cross-sections</marc:subfield>
            <marc:subfield code="2">lcgft</marc:subfield>
        </marc:datafield>
        <marc:datafield tag="700" ind1="1" ind2=" ">
            <marc:subfield code="a">Rogers, Henry D.</marc:subfield>
            <marc:subfield code="q">(Henry Darwin),</marc:subfield>
            <marc:subfield code="d">1808-1866</marc:subfield>
        </marc:datafield>
        <marc:datafield tag="773" ind1="0" ind2=" ">
            <marc:subfield code="a">Rogers, Henry D.</marc:subfield>
            <marc:subfield code="t">Description of the geology of the state of New Jersey : being a final report</marc:subfield>
            <marc:subfield code="d">Philadelphia : C. Sherman &amp; Co., printers, 1840. 301 p., [1] leaf of plates (fold.)</marc:subfield>
            <marc:subfield code="w">1958823</marc:subfield>
        </marc:datafield>
        <marc:datafield tag="852" ind1="8" ind2=" ">
            <marc:subfield code="b">scimap</marc:subfield>
            <marc:subfield code="h">G3811.C5 1839</marc:subfield>
            <marc:subfield code="i">.N4J4</marc:subfield>
        </marc:datafield>
        <marc:datafield tag="856" ind1="4" ind2="1">
            <marc:subfield code="z">See the map.</marc:subfield>
            <marc:subfield code="u">http://gisserver.princeton.edu/map/2269</marc:subfield>
        </marc:datafield>
        <marc:datafield tag="856" ind1="4" ind2="2">
            <marc:subfield code="u">http://galenet.galegroup.com/servlet/Sabin?af=RN&amp;ae=CY107966756&amp;srchtp=a&amp;ste=14&amp;locID=prin77918</marc:subfield>
        </marc:datafield>
    </marc:record>
    <marc:record type="Holdings">
        <marc:leader>00239cx  a22000851  4500</marc:leader>
        <marc:controlfield tag="001">6487268</marc:controlfield>
        <marc:controlfield tag="004">6514469</marc:controlfield>
        <marc:controlfield tag="005">20130730173035.0</marc:controlfield>
        <marc:controlfield tag="008">1104190u||||8|||4001uu|||0000000</marc:controlfield>
        <marc:datafield tag="852" ind1="8" ind2=" ">
            <marc:subfield code="b">scimap</marc:subfield>
            <marc:subfield code="h">G3811.C5 1839</marc:subfield>
            <marc:subfield code="i">.N4J4 To locate volume, search call number: ANXB  8565.67.2</marc:subfield>
        </marc:datafield>
    </marc:record>
    <marc:record type="Holdings">
        <marc:leader>00182nx  a22000854  4500</marc:leader>
        <marc:controlfield tag="001">7316488</marc:controlfield>
        <marc:controlfield tag="004">6514469</marc:controlfield>
        <marc:controlfield tag="005">20130513152655.0</marc:controlfield>
        <marc:controlfield tag="008">1305134u    8   1001uu   0901128</marc:controlfield>
        <marc:datafield tag="852" ind1="8" ind2=" ">
            <marc:subfield code="b">elf1</marc:subfield>
            <marc:subfield code="h">Electronic Resource</marc:subfield>
        </marc:datafield>
    </marc:record>
</marc:collection>
